<record><leader>00000cas a22000007a 4500</leader><controlfield tag="001">30750861</controlfield><controlfield tag="008">940712d18961909nbuwr nea     0    0eng d</controlfield><datafield ind1=" " ind2=" " tag="010"><subfield code="a">sn 94055393 </subfield></datafield><datafield ind1=" " ind2=" " tag="040"><subfield code="a">NVG</subfield><subfield code="b">eng</subfield><subfield code="c">NVG</subfield><subfield code="d">OBN</subfield><subfield code="d">OCLCQ</subfield><subfield code="d">OCLCF</subfield><subfield code="d">OCLCO</subfield></datafield><datafield ind1="1" ind2=" " tag="029"><subfield code="a">AU@</subfield><subfield code="b">000025891325</subfield></datafield><datafield ind1=" " ind2=" " tag="042"><subfield code="a">msc</subfield></datafield><datafield ind1=" " ind2=" " tag="043"><subfield code="a">n-us-nb</subfield></datafield><datafield ind1="0" ind2=" " tag="130"><subfield code="a">Nebraska signal (Geneva, Neb.)</subfield></datafield><datafield ind1="1" ind2="0" tag="245"><subfield code="a">Nebraska signal</subfield><subfield code="h">[microform].</subfield></datafield><datafield ind1="3" ind2=" " tag="246"><subfield code="a">Nebraska signal and Geneva journal</subfield></datafield><datafield ind1="3" ind2=" " tag="246"><subfield code="a">Nebraska signal and Geneva Republican-journal</subfield></datafield><datafield ind1="1" ind2="3" tag="246"><subfield code="a">Nebraska signal, Geneva Republican-journal and Grafton courier</subfield><subfield code="f">Jan. 28, 1898-Aug. 11, 1905</subfield></datafield><datafield ind1=" " ind2=" " tag="260"><subfield code="a">Geneva, Neb. :</subfield><subfield code="b">Frank O. Edgecombe,</subfield><subfield code="c">1896-1909.</subfield></datafield><datafield ind1=" " ind2=" " tag="300"><subfield code="a">v.</subfield></datafield><datafield ind1=" " ind2=" " tag="310"><subfield code="a">Weekly</subfield></datafield><datafield ind1="0" ind2=" " tag="362"><subfield code="a">Vol. 21, no. 55 (Apr. 24, 1896) ; 21st year, no. 28 (May 1, 1896)-34th year, no. 34 (June 4, 1909).</subfield></datafield><datafield ind1=" " ind2=" " tag="580"><subfield code="a">Formed by the union of: Tuesday journal and the Nebraska signal, and: Friday journal and the Nebraska signal.</subfield></datafield><datafield ind1=" " ind2=" " tag="580"><subfield code="a">Absorbed: Grafton courier, Jan. 24, 1898, and, Fairmont dispatch, Nov. 14, 1902.</subfield></datafield><datafield ind1=" " ind2=" " tag="580"><subfield code="a">Merged with: Exeter enterprise (Exeter, Neb.), to form: Nebraska signal and the Exeter enterprise.</subfield></datafield><datafield ind1=" " ind2=" " tag="533"><subfield code="a">Microfilm.</subfield><subfield code="m">1896-1909:[Gaps]</subfield><subfield code="b">Lincoln, Neb. :</subfield><subfield code="c">Nebraska State Historical Society.</subfield><subfield code="e">10 microfilm reels ; 35 mm.</subfield></datafield><datafield ind1=" " ind2="0" tag="651"><subfield code="a">Geneva (Neb.)</subfield><subfield code="v">Newspapers.</subfield></datafield><datafield ind1=" " ind2="0" tag="651"><subfield code="a">Fillmore County (Neb.)</subfield><subfield code="v">Newspapers.</subfield></datafield><datafield ind1=" " ind2="7" tag="655"><subfield code="a">Newspapers.</subfield><subfield code="2">fast</subfield><subfield code="0">(OCoLC)fst01423814</subfield></datafield><datafield ind1=" " ind2="7" tag="651"><subfield code="a">Nebraska</subfield><subfield code="z">Fillmore County.</subfield><subfield code="2">fast</subfield><subfield code="0">(OCoLC)fst01220980</subfield></datafield><datafield ind1=" " ind2="7" tag="651"><subfield code="a">Nebraska</subfield><subfield code="z">Geneva.</subfield><subfield code="2">fast</subfield><subfield code="0">(OCoLC)fst01228723</subfield></datafield><datafield ind1=" " ind2=" " tag="752"><subfield code="a">United States</subfield><subfield code="b">Nebraska</subfield><subfield code="c">Fillmore</subfield><subfield code="d">Geneva.</subfield></datafield><datafield ind1="0" ind2="4" tag="780"><subfield code="t">Tuesday journal and the Nebraska signal</subfield><subfield code="w">(DLC)sn 94055391</subfield></datafield><datafield ind1="0" ind2="4" tag="780"><subfield code="t">Friday journal and the Nebraska signal</subfield><subfield code="w">(DLC)sn 94055392</subfield></datafield><datafield ind1="0" ind2="5" tag="780"><subfield code="t">Grafton courier</subfield></datafield><datafield ind1="0" ind2="5" tag="780"><subfield code="t">Fairmont dispatch</subfield></datafield><datafield ind1="0" ind2="7" tag="785"><subfield code="t">Exeter enterprise (Exeter, Neb.)</subfield><subfield code="w">(DLC)sn 94055394</subfield></datafield><datafield ind1="0" ind2="7" tag="785"><subfield code="t">Nebraska signal and the Exeter enterprise</subfield><subfield code="w">(DLC)sn 94055395</subfield></datafield></record>